%%% ====================================================================
%%%  BibTeX-file{
%%%     author          = "Gerry Murray",
%%%     version         = "1.2",
%%%     date            = "2 April 2012",
%%%     filename        = "acmsmall-sample-bibfile.bib",
%%%     address         = "ACM, NY",
%%%     email           = "murray at hq.acm.org",
%%%     codetable       = "ISO/ASCII",
%%%     keywords        = "ACM Reference Format, bibliography, citation, references",
%%%     supported       = "yes",
%%%     docstring       = "This BibTeX database file contains 'bibdata' entries
%%%                        that 'match' the examples provided in the Specifications Document
%%%                        AND, also, 'legacy'-type bibs. It should assist authors in
%%%                        choosing the 'correct' at-bibtype and necessary bib-fields
%%%                        so as to obtain the appropriate ACM Reference Format output.
%%%                        It also contains many 'Standard Abbreviations'. "
%%%  }
%%% ====================================================================

% Entries (ACM/ IEEE Journals and Conference Proccedings)
@inproceedings{bigham2010vizwiz,
  title={VizWiz: nearly real-time answers to visual questions},
  author={Bigham, Jeffrey P and Jayant, Chandrika and Ji, Hanjie and Little, Greg and Miller, Andrew and Miller, Robert C and Miller, Robin and Tatarowicz, Aubrey and White, Brandyn and White, Samual and others},
  booktitle={Proceedings of the 23nd annual ACM symposium on User interface software and technology},
  pages={333--342},
  year={2010},
  organization={ACM}
}

@inproceedings{cassidy2013haptic,
  title={A haptic ATM interface to assist visually impaired users},
  author={Cassidy, Brendan and Cockton, Gilbert and Coventry, Lynne},
  booktitle={Proceedings of the 15th international ACM SIGACCESS conference on computers and accessibility},
  pages={1},
  year={2013},
  organization={ACM}
}

@article{curran2008investigating,
  title={Investigating the human computer interaction problems with automated teller machine navigation menus},
  author={Curran, Kevin and King, David},
  journal={Interactive Technology and Smart Education},
  volume={5},
  number={1},
  pages={59--79},
  year={2008},
  publisher={Emerald Group Publishing Limited}
}

@inproceedings{manzke1998adaptation,
  title={Adaptation of a cash dispenser to the needs of blind and visually impaired people},
  author={Manzke, Jens M},
  booktitle={Proceedings of the third international ACM conference on Assistive technologies},
  pages={116--123},
  year={1998},
  organization={ACM}
}

@inproceedings{oswal2012accessible,
  title={How accessible are the voice-guided automatic teller machines for the visually impaired?},
  author={Oswal, Sushil K},
  booktitle={Proceedings of the 30th ACM international conference on Design of communication},
  pages={65--70},
  year={2012},
  organization={ACM}
}

@inproceedings{perrier2015ussd,
  title={USSD: The Third Universal App},
  author={Perrier, Trevor and DeRenzi, Brian and Anderson, Richard},
  booktitle={Proceedings of the 2015 Annual Symposium on Computing for Development},
  pages={13--21},
  year={2015},
  organization={ACM}
}

@inproceedings{pous2012enhancing,
  title={Enhancing accessibility: Mobile to ATM case study},
  author={Pous, Marc and Serra-Vallmitjana, Circe and Gim{\'e}nez, Rafael and Torrent-Moreno, Marc and Boix, David},
  booktitle={Consumer Communications and Networking Conference (CCNC), 2012 IEEE},
  pages={404--408},
  year={2012},
  organization={IEEE}
}

@inproceedings{kobayashi2000inclusive,
  title={An inclusive design of remittance services for the blind user's operation of Automatic Teller Machines (ATMs)},
  author={Kobayashi, Iwao and Iwazaki, Akihiro and Sasaki, Katsuhiro},
  booktitle={Proceedings on the 2000 conference on Universal Usability},
  pages={153--154},
  year={2000},
  organization={ACM}
}

@inproceedings{kane2008slide,
  title={Slide rule: making mobile touch screens accessible to blind people using multi-touch interaction techniques},
  author={Kane, Shaun K and Bigham, Jeffrey P and Wobbrock, Jacob O},
  booktitle={Proceedings of the 10th international ACM SIGACCESS conference on Computers and accessibility},
  pages={73--80},
  year={2008},
  organization={ACM}
}

@inproceedings{pal2016smartphone,
  title={Smartphone adoption drivers and challenges in urban living: Cases from Seoul and Bangalore},
  author={Pal, Joyojeet and Viswanathan, Anandhi and Song, Ji-Hye},
  booktitle={Proceedings of the 8th Indian Conference on Human Computer Interaction},
  pages={24--34},
  year={2016},
  organization={ACM}
}

@article{bourne2017magnitude,
  title={Magnitude, temporal trends, and projections of the global prevalence of blindness and distance and near vision impairment: a systematic review and meta-analysis},
  author={Bourne, Rupert RA and Flaxman, Seth R and Braithwaite, Tasanee and Cicinelli, Maria V and Das, Aditi and Jonas, Jost B and Keeffe, Jill and Kempen, John H and Leasher, Janet and Limburg, Hans and others},
  journal={The Lancet Global Health},
  volume={5},
  number={9},
  pages={e888--e897},
  year={2017},
  publisher={Elsevier}
}

@article{dandona2001estimation,
  title={Estimation of blindness in India from 2000 through 2020: implications for the blindness control policy.},
  author={Dandona, LALIT and Dandona, RAKHI and John, RAJESH K},
  journal={The National medical journal of India},
  volume={14},
  number={6},
  pages={327--334},
  year={2001}
}


% Miscellaneous References
@misc{RTI2005,
    author = {Government of India - Ministry of Law and Justice},
    title = {Right to Information Act 2005},
    howpublished = {\url{http://righttoinformation.gov.in/rti-act.pdf}},
    note = {Online; Accessed 01 May 2017} ,
    year=2005,
}

@misc{RBI2007,
    author = {Reserve Bank of India},
    title = {Banking facilities to the visually challenged},
    howpublished = {\url{https://rbi.org.in/scripts/BS_CircularIndexDisplay.aspx?Id=4226}},
    note = {Online; Accessed 05 April 2017} ,
    year=2007,
}

@misc{RBI2008,
    author = {Reserve Bank of India},
    title = {Need for Bank Branches / ATMs to be made accessible to persons with disabilities},
    howpublished = {\url{https://www.rbi.org.in/scripts/NotificationUser.aspx?Id=4961}},
    note = {Online; Accessed 05 April 2017} ,
    year=2008,
}

@misc{IBA2013a,
    author = {Indian Banks Association},
    title = {Micro ATM Standards},
    howpublished = {\url{http://www.iba.org.in/upload/MicroATM_Standards_v1.5.1_Clean.pdf}},
    note = {Online; Accessed 15 April 2017} ,
    year=2013,
}

@misc {IBA2013b,
    author = {Indian Banks Association},
    title = {Standards for Accessible ATMs},
    howpublished = {\url{https://talkingatmindia.org/Download.aspx?name=IBA\%20standards\%20on\%20Accessible\%20ATM_27February2013.pdf}},
    note = {Online; Accessed 15 April 2017},
    year = 2013,
}

@misc {UPI,
    author = {National Payments Corporation of India (NPCI)},
    title = {Unified Payments Interface (UPI)},
    howpublished = {\url{http://www.npci.org.in/UPI_Background.aspx}},
    note = {Online; Accessed 05 April 2017},
    year = 2016,
}

@misc {HTArticle,
    author = {Hindustan Times},
    title = {Why blind canâ€™t identify notes, coins of recent years: HC seeks RBI reply to PIL},
    howpublished = {\url{https://goo.gl/1TMRMG}},
    note = {Online; Accessed 15 September 2017},
    year = 2016,
}

@misc {AppleVoiceover,
    author = {Apple Inc},
    title = { Voice Over - Vision Accessibility iPhone},
    howpublished = {\url{https://www.apple.com/accessibility/iphone/vision/}},
    note = {Online; Accessed 21 August 2017},
    year = 2017,
}

@misc {IESmartPhoneUsers,
    author = {Indian Express},
    title = {India set to have 530 million smartphone users in 2018},
    howpublished = {\url{https://goo.gl/qR7gKK}},
    note = {Online; Accessed 16 October 2017},
    year = 2017,
}

@misc {CodeFactory,
    author = {Code Factory},
    title = {Mobile Speak Screen Readers},
    howpublished = {\url{http://codefactoryglobal.com/app-store/}},
    note = {Online; Accessed 21 August 2017},
    year = 2008,
}

@misc {GoogleTalkBack,
    author = {Google},
    title = {Talk Back},
    howpublished = {\url{https://play.google.com/store/apps/details?id=com. google.android.marvin.talkback&hl=en}},
    note = {Online; Accessed 21 August 2017},
    year = 2017,
}

@misc {NPCINUUP,
    author = {National Payments Corporation of India (NPCI)},
    title = {NUUP Frequently Asked Questions},
    howpublished = {\url{http://www.npci.org.in/documents/faq.pdf}},
    note = {Online; Accessed 01 May 2017},
    year = 2013,
}

@misc {SBITOS,
    author = {State Bank of India},
    title = {Terms of Service - 5. User ID and Password},
    howpublished = {\url{https://www.onlinesbi.com/sbijava/Terms_of_Use.html}},
    note = {Online; Accessed 01 March 2018},
    year = 2018,
}

@misc {SamsungJio,
    author = {Samsung \& Ovum},
    title = {Jio is changing the India mobile market},
    howpublished = {\url{http://www.samsung.com/global/business-images/insights/2017/Jio-Is-Changing-the-India-Mobile-Market-0.pdf}},
    note = {Online; Accessed 20 February 2018},
    year = 2017,
}

@misc {GoogleTez,
    author = {Google},
    title = {Google Pay - Money just became simpler},
    howpublished = {\url{https://pay.google.com/intl/en_in/about/}},
    note = {Online; Accessed 01 October 2018},
    year = 2018,
}

@misc {AmazonPay,
    author = {Amazon},
    title = {Amazon Pay},
    howpublished = {\url{https://pay.amazon.com/us}},
    note = {Online; Accessed 01 October 2018},
    year = 2018,
}

@misc {PayTM,
    author = {PayTM},
    title = {Digital \& Utility Payments Online},
    howpublished = {\url{https://paytm.com/}},
    note = {Online; Accessed 01 October 2018},
    year = 2018,
}

@misc {BHIM,
    author = {National Payments Corporation of India (NPCI)},
    title = {BHIM - Bharat Interface for Money},
    howpublished = {\url{https://www.bhimupi.org.in/}},
    note = {Online; Accessed 01 October 2018},
    year = 2018,
}